<record><leader>00000cas a22000007a 4500</leader><controlfield tag="001">16719876</controlfield><controlfield tag="008">870919c19129999iauwr ne      0    0eng d</controlfield><datafield ind1=" " ind2=" " tag="010"><subfield code="a">sn 87058529 </subfield></datafield><datafield ind1=" " ind2=" " tag="040"><subfield code="a">INP</subfield><subfield code="b">eng</subfield><subfield code="c">INP</subfield><subfield code="d">OCLCQ</subfield></datafield><datafield ind1=" " ind2=" " tag="042"><subfield code="a">msc</subfield></datafield><datafield ind1="0" ind2="4" tag="245"><subfield code="a">The Hartley sentinel.</subfield></datafield><datafield ind1=" " ind2=" " tag="260"><subfield code="a">Hartley, Iowa :</subfield><subfield code="b">C.A. Charles,</subfield><subfield code="c">1912-</subfield></datafield><datafield ind1=" " ind2=" " tag="300"><subfield code="a">v.</subfield></datafield><datafield ind1=" " ind2=" " tag="310"><subfield code="a">Weekly</subfield></datafield><datafield ind1="0" ind2=" " tag="362"><subfield code="a">Vol. 1, no. 1 (June 13, 1912)-</subfield></datafield><datafield ind1=" " ind2=" " tag="752"><subfield code="a">United States</subfield><subfield code="b">Iowa</subfield><subfield code="c">O'Brien</subfield><subfield code="d">Hartley.</subfield></datafield></record>